@inproceedings{valenzano2014comparison,
  title={A comparison of knowledge-based GBFS enhancements and knowledge-free exploration},
  author={Valenzano, Richard Anthony and Sturtevant, Nathan R and Schaeffer, Jonathan and Xie, Fan},
  booktitle={Twenty-Fourth International Conference on Automated Planning and Scheduling},
  year={2014}
}


@inproceedings{xie2014type,
  title={Type-based exploration with multiple search queues for satisficing planning},
  author={Xie, Fan and M{\"u}ller, Martin and Holte, Robert and Imai, Tatsuya},
  booktitle={Proceedings of the AAAI Conference on Artificial Intelligence},
  volume={28},
  number={1},
  year={2014}
}


@inproceedings{valenzano2016completeness,
  title={On the completeness of best-first search variants that use random exploration},
  author={Valenzano, Richard and Xie, Fan},
  booktitle={Proceedings of the AAAI Conference on Artificial Intelligence},
  volume={30},
  year={2016}
}


@article{hansen2007anytime,
  title={Anytime heuristic search},
  author={Hansen, Eric A and Zhou, Rong},
  journal={Journal of Artificial Intelligence Research},
  volume={28},
  pages={267--297},
  year={2007}
}

@misc{pip-astar,
  author = {Seifi, Seyyed Hadi},
  title = {A-Star-and-Weighted-A-Star-Algorithm},
  year = {2019},
  publisher = {GitHub},
  journal = {GitHub repository},
  howpublished = {\url{https://github.com/seyyedhadiseifi/A-Star-and-Weighted-A-Star-Algorithm}},
  commit = {26cb260911b5c4e274419ea18ef785119a5a7edc}
}

@inproceedings{thayer2012better,
  title={Better parameter-free anytime search by minimizing time between solutions},
  author={Thayer, Jordan and Benton, J and Helmert, Malte},
  booktitle={International Symposium on Combinatorial Search},
  volume={3},
  year={2012}
}


@inproceedings{cohen2021type,
  title={Type-WA*: Using Exploration in Bounded Suboptimal Planning},
  author={Cohen, Eldan and Valenzano, Richard and McIlraith, Sheila A},
  booktitle={IJCAI},
  year={2021}
}